% http://scholar.google.hr -> " (ikona navodnici - citiraj) -> bibtex

@online{fortinet-digital-certificates,
  organization = {Fortinet},
  title        = {What Are Digital Certificates? | Fortinet},
  url          = {https://www.fortinet.com/resources/cyberglossary/digital-certificates},
  date         = {2025-03-29}
}

@online{ibm-cryptography,
  organization = {IBM},
  title        = {What Is Cryptography? | IBM},
  url          = {https://www.ibm.com/think/topics/cryptography},
  date         = {2025-03-29}
}

@online{keyfactor-pki,
  organization = {KEYFACTOR},
  title        = {What is PKI? A Public Key Infrastructure Definitive Guide | Keyfactor},
  url          = {https://www.keyfactor.com/education-center/what-is-pki/},
  date         = {2025-03-29}
}

@online{dogtagpki,
  organization = {Dogtag},
  title        = {Overview — Dogtag PKI documentation},
  url          = {https://www.dogtagpki.org/},
  date         = {2025-03-29}
}

@online{dogtagpki-architecture,
  organization = {Dogtag},
  title        = {Architecture · dogtagpki/pki Wiki},
  url          = {https://github.com/dogtagpki/pki/wiki/Architecture},
  date         = {2025-03-29}
}

@online{hashicorp-vault-what-is,
  organization = {HashiCorp},
  title        = {Introduction | Vault | HashiCorp Developer},
  url          = {https://developer.hashicorp.com/vault/docs/what-is-vault},
  date         = {2025-03-29}
}

@online{hashicorp-vault-use-cases,
  organization = {HashiCorp},
  title        = {Use Cases | Vault | HashiCorp Developer},
  url          = {https://developer.hashicorp.com/vault/docs/use-cases},
  date         = {2025-03-29}
}

@online{hashicorp-vault-pki-engine,
  organization = {HashiCorp},
  title        = {Build your own certificate authority (CA) | Vault | HashiCorp Developer},
  url          = {https://developer.hashicorp.com/vault/tutorials/pki/pki-engine?variants=vault-deploy%3Aselfhosted},
  date         = {2025-03-29}
}

@online{techtarget-x509-certificate,
  organization = {TechTarget},
  title        = {What is an X.509 certificate?},
  url          = {https://www.techtarget.com/searchsecurity/definition/X509-certificate},
  date         = {2025-03-29}
}

@online{cloudflare-http,
  organization = {Cloudflare},
  title        = {What is HTTP? | Cloudflare},
  url          = {https://www.cloudflare.com/learning/ddos/glossary/hypertext-transfer-protocol-http/},
  date         = {2025-03-29}
}

@online{cloudflare-https,
  organization = {Cloudflare},
  title        = {What is HTTPS? | Cloudflare},
  url          = {https://www.cloudflare.com/learning/ssl/what-is-https/},
  date         = {2025-03-29}
}
